@inproceedings{bertolino2007software,
  title={Software testing research: Achievements, challenges, dreams},
  author={Bertolino, Antonia},
  booktitle={2007 Future of Software Engineering},
  pages={85--103},
  year={2007},
  organization={IEEE Computer Society}
}

@book{patton2001software,
  title={Software testing},
  author={Patton, Ron},
  year={2001},
  publisher={Sams publishing}
}

@book{beizer2003software,
  title={Software testing techniques},
  author={Beizer, Boris},
  year={2003},
  publisher={Dreamtech Press}
}

@article{perez2016unifying,
  title={A unifying metric for test adequacy and diagnosability},
  author={Perez, A and Abreu, R and van Deursen, A},
  journal={Automated Software Engineering},
  year={2016}
}

@book{graham2008foundations,
  title={Foundations of software testing: ISTQB certification},
  author={Graham, Dorothy and Van Veenendaal, Erik and Evans, Isabel},
  year={2008},
  publisher={Cengage Learning EMEA}
}

@inproceedings{DBLP:conf/icse/PerezAD17,
  author    = {Alexandre Perez and
               Rui Abreu and
               Arie van Deursen},
  title     = {A test-suite diagnosability metric for spectrum-based fault localization
               approaches},
  booktitle = {Proceedings of the 39th International Conference on Software Engineering,
               {ICSE} 2017, Buenos Aires, Argentina, May 20-28, 2017},
  pages     = {654--664},
  year      = {2017},
  crossref  = {DBLP:conf/icse/2017},
  url       = {http://dl.acm.org/citation.cfm?id=3097446},
  timestamp = {Mon, 22 May 2017 14:17:50 +0200},
  biburl    = {http://dblp.uni-trier.de/rec/bib/conf/icse/PerezAD17},
  bibsource = {dblp computer science bibliography, http://dblp.org}
}

@incollection{reps1997use,
  title={The use of program profiling for software maintenance with applications to the year 2000 problem},
  author={Reps, Thomas and Ball, Thomas and Das, Manuvir and Larus, James},
  booktitle={Software Engineering—ESEC/FSE'97},
  pages={432--449},
  year={1997},
  publisher={Springer}
}

@inproceedings{abreu2009spectrum,
  title={Spectrum-based multiple fault localization},
  author={Abreu, Rui and Zoeteweij, Peter and Van Gemund, Arjan JC},
  booktitle={Automated Software Engineering, 2009. ASE'09. 24th IEEE/ACM International Conference on},
  pages={88--99},
  year={2009},
  organization={IEEE}
}

@article{britton2013reversible,
  title={Reversible debugging software},
  author={Britton, Tom and Jeng, Lisa and Carver, Graham and Cheak, Paul and Katzenellenbogen, Tomer},
  journal={Judge Bus. School, Univ. Cambridge, Cambridge, UK, Tech. Rep},
  year={2013}
}

@book{robbins2003debugging,
    author    = "John Robbins",
    title     = "Debugging Applications for Microsoft .NET and Microsoft Windows",
    publisher = "Microsoft Press",
    year      = "2003",
}

@inproceedings{parnin2011automated,
  title={Are automated debugging techniques actually helping programmers?},
  author={Parnin, Chris and Orso, Alessandro},
  booktitle={Proceedings of the 2011 International Symposium on Software Testing and Analysis},
  pages={199--209},
  year={2011},
  organization={ACM}
}

@ARTICLE{wong2016survey, 
author={W. E. Wong and R. Gao and Y. Li and R. Abreu and F. Wotawa}, 
journal={IEEE Transactions on Software Engineering}, 
title={A Survey on Software Fault Localization}, 
year={2016}, 
volume={42}, 
number={8}, 
pages={707-740}, 
keywords={program debugging;software reliability;human intervention;program debugging;program fault locations;software developers;software fault localization;Complexity theory;Computer bugs;Debugging;Fault diagnosis;Software debugging;Software engineering;Software fault localization;execution trace;program debugging;software testing;survey;suspicious code}, 
doi={10.1109/TSE.2016.2521368}, 
ISSN={0098-5589}, 
month={Aug},}

@incollection{reps1997use,
  title={The use of program profiling for software maintenance with applications to the year 2000 problem},
  author={Reps, Thomas and Ball, Thomas and Das, Manuvir and Larus, James},
  booktitle={Software Engineering—ESEC/FSE'97},
  pages={432--449},
  year={1997},
  publisher={Springer}
}